<?xml version="1.0" encoding="UTF-8"?>
<record xmlns="http://www.loc.gov/MARC21/slim">
  <leader>01724ntm a22003257a 4500</leader>
  <controlfield tag="001">3279814</controlfield>
  <controlfield tag="005">20090313021000.0</controlfield>
  <controlfield tag="008">090115s1837    xx            000 i eng d</controlfield>
  <datafield tag="033" ind1="0" ind2="0">
    <subfield code="a">18370122</subfield>
  </datafield>
  <datafield tag="035" ind1=" " ind2=" ">
    <subfield code="a">3279814</subfield>
  </datafield>
  <datafield tag="040" ind1=" " ind2=" ">
    <subfield code="a">BRL</subfield>
  </datafield>
  <datafield tag="099" ind1=" " ind2=" ">
    <subfield code="a">Ms.A.9.2 v.9, p.8</subfield>
  </datafield>
  <datafield tag="100" ind1="1" ind2=" ">
    <subfield code="a">Weston, Anne Warren,</subfield>
    <subfield code="d">1812-1890.</subfield>
  </datafield>
  <datafield tag="245" ind1="1" ind2="0">
    <subfield code="a">[Letter to] Dear Debora[h]</subfield>
    <subfield code="h">[manuscript].</subfield>
  </datafield>
  <datafield tag="260" ind1=" " ind2=" ">
    <subfield code="a">West Street, [Boston],</subfield>
    <subfield code="c">Jan. 22, 1837, Sunday evening.</subfield>
  </datafield>
  <datafield tag="300" ind1=" " ind2=" ">
    <subfield code="a">1 leaf (2 p.) ;</subfield>
    <subfield code="c">9 x 7 1/4 in.</subfield>
  </datafield>
  <datafield tag="500" ind1=" " ind2=" ">
    <subfield code="a">Holograph, signed.</subfield>
  </datafield>
  <datafield tag="500" ind1=" " ind2=" ">
    <subfield code="a">Anne Warren Weston writes that the Temple has been refused for an address to be delivered before &quot;our Society,&quot; so Mrs. Maria Weston Chapman and Ann Greene Chapman procured the Artists&apos; Gallery. Reports on the churches that did not read the notice [of the Society&apos;s meeting?] which was, however, read at [Orestes Augustus] Brownson&apos;s church. [Joseph H.?] Towne has accepted a call; &quot;Now it remains to be seen if he will act up to his profession.&quot; She mentions the philanthropist &quot;in which [James Gillespie] Birney cuts up Dr. Channing&apos;s letter. He does it gloriously.&quot;</subfield>
  </datafield>
  <datafield tag="600" ind1="1" ind2="0">
    <subfield code="a">Weston, Anne Warren,</subfield>
    <subfield code="d">1812-1890</subfield>
    <subfield code="v">Correspondence.</subfield>
  </datafield>
  <datafield tag="600" ind1="1" ind2="0">
    <subfield code="a">Weston, Deborah</subfield>
    <subfield code="d">b. 1814.</subfield>
    <subfield code="v">Correspondence.</subfield>
  </datafield>
  <datafield tag="600" ind1="1" ind2="0">
    <subfield code="a">Brownson, Orestes Augustus,</subfield>
    <subfield code="d">1803-1876.</subfield>
  </datafield>
  <datafield tag="600" ind1="1" ind2="0">
    <subfield code="a">Birney, James Gillespie,</subfield>
    <subfield code="d">1792-1857.</subfield>
  </datafield>
  <datafield tag="600" ind1="1" ind2="0">
    <subfield code="a">Channing, William Ellery,</subfield>
    <subfield code="d">1780-1842.</subfield>
  </datafield>
  <datafield tag="650" ind1=" " ind2="0">
    <subfield code="a">Antislavery movements</subfield>
    <subfield code="z">United States</subfield>
    <subfield code="x">History</subfield>
    <subfield code="y">19th century.</subfield>
  </datafield>
  <datafield tag="650" ind1=" " ind2="0">
    <subfield code="a">Women abolitionists</subfield>
    <subfield code="z">Massachusetts</subfield>
    <subfield code="z">Boston</subfield>
    <subfield code="y">19th century</subfield>
    <subfield code="v">Correspondence.</subfield>
  </datafield>
  <datafield tag="655" ind1=" " ind2="0">
    <subfield code="a">Letters.</subfield>
  </datafield>
  <datafield tag="655" ind1=" " ind2="0">
    <subfield code="a">Manuscripts.</subfield>
  </datafield>
  <datafield tag="700" ind1="1" ind2=" ">
    <subfield code="a">Weston, Deborah,</subfield>
    <subfield code="d">b.1814</subfield>
    <subfield code="e">recipient.</subfield>
  </datafield>
  <datafield tag="830" ind1=" " ind2="0">
    <subfield code="a">Anne Warren Weston Correspondence (1834-1886)</subfield>
  </datafield>
  <datafield tag="999" ind1=" " ind2=" ">
    <subfield code="a">shots: 4</subfield>
  </datafield>
</record>
